@misc{Xample,
    author={Brent Pym},
    title ={General Topology},
    year  ={2019},
    note  ={University of Edinburgh lecture notes}
}

